@manual{ref01,
	Author = {Pycryptodome’s documentation},
	Title = {\textbf{Triple DES}},
	Url = {https://pycryptodome.readthedocs.io/en/latest/src/cipher/des3.html},
	Urlaccessdate = {03 out. 2020},
	Year = {2020}
	}
	
@manual{ref02,
	Author = {Package Crypto :: Package Cipher},
	Title = {\textbf{Module DES3}},
	Url = {https://pythonhosted.org/pycrypto/Crypto.Cipher.DES3-module.html},
	Urlaccessdate = {03 out. 2020},
	Year = {2020}
	}	
	
@manual{ref03,
	Author = {Ron, Leo, Daryl Spitzer},
	Title = {\textbf{using DES/3DES with python}},
	Url = {https://stackoverflow.com/questions/2435283/using-des-3des-with-python},
	Urlaccessdate = {12 out. 2020},
	Year = {2020}
	}		
	
@manual{ref04,
	Author = {Komu Wairagu},
	Title = {\textbf{pycrypto DES3.py}},
	Url = {https://gist.github.com/komuw/83ddf9b4ae8f995f15af},
	Urlaccessdate = {12 out. 2020},
	Year = {2020}
	}		
	
@manual{ref05,
	Author = {Kaspersky},
	Title = {\textbf{O que é criptografia?}},
	Url = {https://www.kaspersky.com.br/resource-center/definitions/encryption},
	Urlaccessdate = {18 out. 2020},
	Year = {2020}
	}		
	
@manual{ref06,
	Author = {Valid Certificadora Digital},
	Title = {\textbf{Tipos de criptografia: conheça os 10 mais usados e como funciona cada um}},
	Url = {http://blog.validcertificadora.com.br/?p=9773},
	Urlaccessdate = {18 out. 2020},
	Year = {2020}
	}		
	
@manual{ref07,
	Author = {Fernando de Souza},
	Title = {\textbf{Funções hash ou hashing}},
	Url = {https://shorturl.at/eoH48},
	Urlaccessdate = {18 out. 2020},
	Year = {2020}
	}		
	
@manual{ref08,
	Author = {Rafael Cavalcanti, Ricardo de Carvalho Destro},
	Title = {\textbf{3DES – Algoritmo de Decifração e Cifração em Hardware}},
	Url = {https://shorturl.at/noVWZ},
	Urlaccessdate = {18 out. 2020},
	Year = {2020}
	}
		
@manual{ref09,
	Author = {Valid Certificadora Digital},
	Title = {\textbf{Criptografia Simétrica e Assimétrica: Qual a diferença entre elas?}},
	Url = {http://blog.validcertificadora.com.br/?p=8897},
	Urlaccessdate = {18 out. 2020},
	Year = {2020}
	}	